@article{zhang,
        author = "Zhang, Fuzhen",
        title = "Quaternions and Matrices of Quaternions",
        journal = "Linear Algebra and its Applications",
        year = "1997",
        volume = {251},
        pages = {21 - 57}
        }

@article{johnson,
        author = "Johnson, R. E.",
        title = "On the equation {$\chi \alpha = \gamma \chi + \beta$} over an algebraic division ring",
        journal = "Bulletin of the American Mathematical Society",
        year = "1944",
        volume = {50},
        pages = {202 - 207}
}  

